<record><leader>00000cas a22000007a 4500</leader><controlfield tag="001">27822961</controlfield><controlfield tag="008">930329d18911899caudn ne      0    0eng d</controlfield><datafield ind1=" " ind2=" " tag="010"><subfield code="a">sn 93052490 </subfield></datafield><datafield ind1=" " ind2=" " tag="040"><subfield code="a">CNK</subfield><subfield code="b">eng</subfield><subfield code="c">CNK</subfield><subfield code="d">OCLCQ</subfield></datafield><datafield ind1=" " ind2=" " tag="042"><subfield code="a">msc</subfield></datafield><datafield ind1="0" ind2="0" tag="245"><subfield code="a">Riverside daily enterprise.</subfield></datafield><datafield ind1="3" ind2="0" tag="246"><subfield code="a">Riverside enterprise</subfield></datafield><datafield ind1="3" ind2="0" tag="246"><subfield code="a">Daily enterprise</subfield></datafield><datafield ind1=" " ind2=" " tag="260"><subfield code="a">Riverside, Calif. :</subfield><subfield code="b">M.R. Plaisted</subfield></datafield><datafield ind1=" " ind2=" " tag="300"><subfield code="a">v.</subfield></datafield><datafield ind1=" " ind2=" " tag="310"><subfield code="a">Daily (except Mon.)</subfield></datafield><datafield ind1="0" ind2=" " tag="362"><subfield code="a">Vol. 1, no. 1 (Mar. 3, 1891)-</subfield></datafield><datafield ind1="1" ind2=" " tag="362"><subfield code="a">Ceased in 1899.</subfield></datafield><datafield ind1=" " ind2=" " tag="500"><subfield code="a">Published as: Riverside morning enterprise, Mar. 3-Apr. 11, 1891, and: Riverside enterprise, July 4, 1891.</subfield></datafield><datafield ind1=" " ind2="4" tag="651"><subfield code="a">Riverside County (Calif.)</subfield><subfield code="v">Newspapers.</subfield></datafield><datafield ind1=" " ind2="4" tag="651"><subfield code="a">San Bernardino County (Calif.)</subfield><subfield code="v">Newspapers.</subfield></datafield><datafield ind1=" " ind2=" " tag="752"><subfield code="a">United States</subfield><subfield code="b">California</subfield><subfield code="c">Riverside</subfield><subfield code="d">Riverside.</subfield></datafield><datafield ind1="0" ind2=" " tag="775"><subfield code="t">Riverside enterprise (Riverside, Calif. : 1890)</subfield><subfield code="w">(DLC)sn 93052488</subfield></datafield><datafield ind1="0" ind2="5" tag="780"><subfield code="t">Riverside daily globe</subfield></datafield><datafield ind1="0" ind2="5" tag="780"><subfield code="t">Searchlight</subfield></datafield><datafield ind1="0" ind2="5" tag="780"><subfield code="t">Perris Valley record</subfield></datafield><datafield ind1="0" ind2="5" tag="780"><subfield code="t">Moreno indicator</subfield></datafield><datafield ind1="0" ind2="0" tag="785"><subfield code="t">Riverside morning enterprise (Riverside, Calif. : 1899)</subfield><subfield code="w">(DLC)sn 93052491</subfield></datafield><datafield ind1="1" ind2=" " tag="029"><subfield code="a">AU@</subfield><subfield code="b">000020734167</subfield></datafield></record>